@misc{awesome-portfolios,
				author = {iRaul},
				title = {Awesome Creative Portfolio Websites},
				year = {2018},
				url = {www.creative-portfolios.com}
}

@misc{java-spring,
				author = {Pivotal},
				title = {Java Spring},
				year = {2016},
				url = {spring.io}
}
